@misc{dütting2020secretariesadvice,
      title={Secretaries with Advice}, 
      author={Paul Dütting and Silvio Lattanzi and Renato Paes Leme and Sergei Vassilvitskii},
      year={2020},
      eprint={2011.06726},
      archivePrefix={arXiv},
      primaryClass={cs.DS},
      url={https://arxiv.org/abs/2011.06726}, 
}
@misc{bayon2017bestorworstpostdocproblems,
      title={The Best-or-Worst and the Postdoc problems}, 
      author={L. Bayon and P. Fortuny Ayuso and J. M. Grau and A. M. Oller-Marcen and M. M. Ruiz},
      year={2017},
      eprint={1706.07185},
      archivePrefix={arXiv},
      primaryClass={math.PR},
      url={https://arxiv.org/abs/1706.07185}, 
}

@article{vanderbei2011postdoc,
	author = {Robert Vanderbei},
	title = {The postdoc variant of the secretary problem},
	series = {Annales Societatis Mathematicae Polonae, Series III},
	journal = {Mathematica Applicanda},
	volume = {49},
	number = {1},
	year = {2021}
}
 @article{Rose,
author = {Rose, J. S.},
doi = {10.1007/BF00934083},
journal = {Journal of optimization theory and applications},
language = {eng},
number = {2},
pages = {207-219},
title = {Selection of nonextremal candidates from a random sequence},
volume = {38},
year = {1982},
}


@article{Fujii_2024,
   title={The Secretary Problem with Predictions},
   volume={49},
   ISSN={1526-5471},
   url={http://dx.doi.org/10.1287/moor.2022.0031},
   DOI={10.1287/moor.2022.0031},
   number={2},
   journal={Mathematics of Operations Research},
   publisher={Institute for Operations Research and the Management Sciences (INFORMS)},
   author={Fujii, Kaito and Yoshida, Yuichi},
   year={2024},
   month=may, pages={1241–1262} }

@misc{Gardener_Games,
    title = {Mathematical games},
    author={Martin Gardner},
    year = {1960}
}
@article{Fugerson_Review,
 ISSN = {08834237, 21688745},
 URL = {http://www.jstor.org/stable/2245639},
 author = {Thomas S. Ferguson},
 journal = {Statistical Science},
 number = {3},
 pages = {282--289},
 publisher = {Institute of Mathematical Statistics},
 title = {Who Solved the Secretary Problem?},
 urldate = {2025-06-14},
 volume = {4},
 year = {1989}
}

@article{chow1964optimal,
  title={Optimal selection based on relative rank (the "secretary problem")},
  author={Chow, Y. S. and Moriguti, S. and Robbins, H. and Samuels, S. M.},
  journal={Israel Journal of Mathematics},
  volume={2},
  number={2},
  pages={81--90},
  year={1964},
  month={June},
  publisher={Springer},
  doi={10.1007/BF02759948},
  url={https://doi.org/10.1007/BF02759948}
}

@article{linearProgramming,
 ISSN = {0364765X, 15265471},
 URL = {http://www.jstor.org/stable/24540892},
 author = {Niv Buchbinder and Kamal Jain and Mohit Singh},
 journal = {Mathematics of Operations Research},
 number = {1},
 pages = {190--206},
 publisher = {INFORMS},
 title = {Secretary Problems via Linear Programming},
 urldate = {2025-06-14},
 volume = {39},
 year = {2014}
}
@misc{bellmanEQs,
    author = {Changyao Chen},
    title = {The secretary problem},
    year ={2019},
    howpublished = {\url{https://changyaochen.github.io/secretary-problem}}
}


@misc{foursidecafe,
  title = {Four Side Cafe},
  howpublished = {\url{https://foursidecafe.com/}},
  year = {2023},
  author = {Jed Duffey}
}

@article{CPUallocation,
author = {Gibet Tani, Hicham and El Amrani, Chaker},
year = {2016},
month = {08},
pages = {1866-1879},
title = {Cloud computing CPU allocation and scheduling algorithms using cloudsim simulator},
volume = {6},
journal = {International Journal of Electrical and Computer Engineering (IJECE)},
doi = {10.11591/ijece.v6i4.10144}
}

@misc{NathanFallet_Gildor_2025, title={From python to Kotlin: Why we rewrote our scraping framework in Kotlin}, url={https://discuss.kotlinlang.org/t/from-python-to-kotlin-why-we-rewrote-our-scraping-framework-in-kotlin/30549}, journal={Kotlin Discussions}, author={NathanFallet and Gildor}, year={2025}, month={Jul}} 

@article{Dreyfus_2002, title={Richard Bellman on the birth of Dynamic Programming}, volume={50}, DOI={10.1287/opre.50.1.48.17791}, number={1}, journal={Operations Research}, author={Dreyfus, Stuart}, year={2002}, month={Feb}, pages={48–51}} 

@article{Chan_Fernandes_Puterman_2021, title={Points gained in football: Using Markov process-based value functions to assess team performance}, volume={69}, DOI={10.1287/opre.2020.2034}, number={3}, journal={Operations Research}, author={Chan, Timothy C. and Fernandes, Craig and Puterman, Martin L.}, year={2021}, month={May}, pages={877–894}} 

@misc{Libretexts_2022, title={12.9: The secretary problem}, url={https://stats.libretexts.org/Bookshelves/Probability_Theory/Probability_Mathematical_Statistics_and_Stochastic_Processes_(Siegrist)/12%3A_Finite_Sampling_Models/12.09%3A_The_Secretary_Problem}, journal={Statistics LibreTexts}, publisher={Libretexts}, author={Libretexts}, year={2022}, month={Apr}} 

@misc{2011MITlec, url={https://ocw.mit.edu/courses/6-262-discrete-stochastic-processes-spring-2011/4c926d96cd76ee6427d207d0cc08b841_MIT6_262S11_lec08.pdf}, author={MIT 6.262 Discrete Stochastic Processes
Spring 2011 },journal={6.262 lecture 8: Markov eigenvalues and eigenvectors}, year={2011}} 
